%YAML 1.1
%TAG !u! tag:unity3d.com,2011:
--- !u!1 &7798098519688799263
GameObject:
  m_ObjectHideFlags: 0
  m_CorrespondingSourceObject: {fileID: 0}
  m_PrefabInstance: {fileID: 0}
  m_PrefabAsset: {fileID: 0}
  serializedVersion: 6
  m_Component:
  - component: {fileID: 8488167886516566235}
  m_Layer: 0
  m_Name: RACETRACK
  m_TagString: Untagged
  m_Icon: {fileID: 0}
  m_NavMeshLayer: 0
  m_StaticEditorFlags: 0
  m_IsActive: 1
--- !u!4 &8488167886516566235
Transform:
  m_ObjectHideFlags: 0
  m_CorrespondingSourceObject: {fileID: 0}
  m_PrefabInstance: {fileID: 0}
  m_PrefabAsset: {fileID: 0}
  m_GameObject: {fileID: 7798098519688799263}
  m_LocalRotation: {x: 0, y: 0, z: 0, w: 1}
  m_LocalPosition: {x: 0, y: 0, z: 0}
  m_LocalScale: {x: 1, y: 1, z: 1}
  m_ConstrainProportionsScale: 0
  m_Children:
  - {fileID: 2560125174295392076}
  - {fileID: 1411942215329013400}
  - {fileID: 8612436814654874105}
  - {fileID: 6011725861644321865}
  - {fileID: 1893355854210931908}
  - {fileID: 2208053638884823615}
  - {fileID: 247995994702199418}
  - {fileID: 4341866677905893112}
  - {fileID: 7455881776825652428}
  - {fileID: 3767997179465399424}
  - {fileID: 4153418727141595631}
  - {fileID: 5790260788530994030}
  - {fileID: 407520744349961452}
  - {fileID: 7159730580888471391}
  - {fileID: 6001121824900701182}
  - {fileID: 1963038073445052510}
  m_Father: {fileID: 0}
  m_RootOrder: 2
  m_LocalEulerAnglesHint: {x: 0, y: 0, z: 0}
--- !u!1001 &230088667854112318
PrefabInstance:
  m_ObjectHideFlags: 0
  serializedVersion: 2
  m_Modification:
    serializedVersion: 3
    m_TransformParent: {fileID: 8488167886516566235}
    m_Modifications:
    - target: {fileID: 5798724189896924608, guid: a3ce4271597121f44869d10a0a567d64, type: 3}
      propertyPath: m_RootOrder
      value: -1
      objectReference: {fileID: 0}
    - target: {fileID: 5798724189896924608, guid: a3ce4271597121f44869d10a0a567d64, type: 3}
      propertyPath: m_LocalPosition.x
      value: 0
      objectReference: {fileID: 0}
    - target: {fileID: 5798724189896924608, guid: a3ce4271597121f44869d10a0a567d64, type: 3}
      propertyPath: m_LocalPosition.y
      value: 0
      objectReference: {fileID: 0}
    - target: {fileID: 5798724189896924608, guid: a3ce4271597121f44869d10a0a567d64, type: 3}
      propertyPath: m_LocalPosition.z
      value: 0
      objectReference: {fileID: 0}
    - target: {fileID: 5798724189896924608, guid: a3ce4271597121f44869d10a0a567d64, type: 3}
      propertyPath: m_LocalRotation.w
      value: 1
      objectReference: {fileID: 0}
    - target: {fileID: 5798724189896924608, guid: a3ce4271597121f44869d10a0a567d64, type: 3}
      propertyPath: m_LocalRotation.x
      value: -0
      objectReference: {fileID: 0}
    - target: {fileID: 5798724189896924608, guid: a3ce4271597121f44869d10a0a567d64, type: 3}
      propertyPath: m_LocalRotation.y
      value: -0
      objectReference: {fileID: 0}
    - target: {fileID: 5798724189896924608, guid: a3ce4271597121f44869d10a0a567d64, type: 3}
      propertyPath: m_LocalRotation.z
      value: -0
      objectReference: {fileID: 0}
    - target: {fileID: 5798724189896924608, guid: a3ce4271597121f44869d10a0a567d64, type: 3}
      propertyPath: m_LocalEulerAnglesHint.x
      value: 0
      objectReference: {fileID: 0}
    - target: {fileID: 5798724189896924608, guid: a3ce4271597121f44869d10a0a567d64, type: 3}
      propertyPath: m_LocalEulerAnglesHint.y
      value: 0
      objectReference: {fileID: 0}
    - target: {fileID: 5798724189896924608, guid: a3ce4271597121f44869d10a0a567d64, type: 3}
      propertyPath: m_LocalEulerAnglesHint.z
      value: 0
      objectReference: {fileID: 0}
    - target: {fileID: 6571565774580025210, guid: a3ce4271597121f44869d10a0a567d64, type: 3}
      propertyPath: m_Name
      value: oval_complete_colliders
      objectReference: {fileID: 0}
    - target: {fileID: 6571565774580025210, guid: a3ce4271597121f44869d10a0a567d64, type: 3}
      propertyPath: m_IsActive
      value: 1
      objectReference: {fileID: 0}
    m_RemovedComponents: []
    m_RemovedGameObjects: []
    m_AddedGameObjects: []
    m_AddedComponents: []
  m_SourcePrefab: {fileID: 100100000, guid: a3ce4271597121f44869d10a0a567d64, type: 3}
--- !u!4 &6001121824900701182 stripped
Transform:
  m_CorrespondingSourceObject: {fileID: 5798724189896924608, guid: a3ce4271597121f44869d10a0a567d64, type: 3}
  m_PrefabInstance: {fileID: 230088667854112318}
  m_PrefabAsset: {fileID: 0}
--- !u!1001 &987918645180086350
PrefabInstance:
  m_ObjectHideFlags: 0
  serializedVersion: 2
  m_Modification:
    serializedVersion: 3
    m_TransformParent: {fileID: 8488167886516566235}
    m_Modifications:
    - target: {fileID: 7027452236779337272, guid: bde06e7a046f3f341a9c307888b8df9a, type: 3}
      propertyPath: m_Name
      value: oval_mod_bridges
      objectReference: {fileID: 0}
    - target: {fileID: 7027452236779337272, guid: bde06e7a046f3f341a9c307888b8df9a, type: 3}
      propertyPath: m_IsActive
      value: 1
      objectReference: {fileID: 0}
    - target: {fileID: 7695902167163595906, guid: bde06e7a046f3f341a9c307888b8df9a, type: 3}
      propertyPath: m_RootOrder
      value: -1
      objectReference: {fileID: 0}
    - target: {fileID: 7695902167163595906, guid: bde06e7a046f3f341a9c307888b8df9a, type: 3}
      propertyPath: m_LocalPosition.x
      value: 0
      objectReference: {fileID: 0}
    - target: {fileID: 7695902167163595906, guid: bde06e7a046f3f341a9c307888b8df9a, type: 3}
      propertyPath: m_LocalPosition.y
      value: 0
      objectReference: {fileID: 0}
    - target: {fileID: 7695902167163595906, guid: bde06e7a046f3f341a9c307888b8df9a, type: 3}
      propertyPath: m_LocalPosition.z
      value: 0
      objectReference: {fileID: 0}
    - target: {fileID: 7695902167163595906, guid: bde06e7a046f3f341a9c307888b8df9a, type: 3}
      propertyPath: m_LocalRotation.w
      value: 1
      objectReference: {fileID: 0}
    - target: {fileID: 7695902167163595906, guid: bde06e7a046f3f341a9c307888b8df9a, type: 3}
      propertyPath: m_LocalRotation.x
      value: -0
      objectReference: {fileID: 0}
    - target: {fileID: 7695902167163595906, guid: bde06e7a046f3f341a9c307888b8df9a, type: 3}
      propertyPath: m_LocalRotation.y
      value: -0
      objectReference: {fileID: 0}
    - target: {fileID: 7695902167163595906, guid: bde06e7a046f3f341a9c307888b8df9a, type: 3}
      propertyPath: m_LocalRotation.z
      value: -0
      objectReference: {fileID: 0}
    - target: {fileID: 7695902167163595906, guid: bde06e7a046f3f341a9c307888b8df9a, type: 3}
      propertyPath: m_LocalEulerAnglesHint.x
      value: 0
      objectReference: {fileID: 0}
    - target: {fileID: 7695902167163595906, guid: bde06e7a046f3f341a9c307888b8df9a, type: 3}
      propertyPath: m_LocalEulerAnglesHint.y
      value: 0
      objectReference: {fileID: 0}
    - target: {fileID: 7695902167163595906, guid: bde06e7a046f3f341a9c307888b8df9a, type: 3}
      propertyPath: m_LocalEulerAnglesHint.z
      value: 0
      objectReference: {fileID: 0}
    m_RemovedComponents: []
    m_RemovedGameObjects: []
    m_AddedGameObjects: []
    m_AddedComponents: []
  m_SourcePrefab: {fileID: 100100000, guid: bde06e7a046f3f341a9c307888b8df9a, type: 3}
--- !u!4 &7455881776825652428 stripped
Transform:
  m_CorrespondingSourceObject: {fileID: 7695902167163595906, guid: bde06e7a046f3f341a9c307888b8df9a, type: 3}
  m_PrefabInstance: {fileID: 987918645180086350}
  m_PrefabAsset: {fileID: 0}
--- !u!1001 &1377849233419302687
PrefabInstance:
  m_ObjectHideFlags: 0
  serializedVersion: 2
  m_Modification:
    serializedVersion: 3
    m_TransformParent: {fileID: 8488167886516566235}
    m_Modifications:
    - target: {fileID: 2834320985844681631, guid: 2953943eb6ab8e24081b12ab3f22a4b3, type: 3}
      propertyPath: m_RootOrder
      value: -1
      objectReference: {fileID: 0}
    - target: {fileID: 2834320985844681631, guid: 2953943eb6ab8e24081b12ab3f22a4b3, type: 3}
      propertyPath: m_LocalPosition.x
      value: 0
      objectReference: {fileID: 0}
    - target: {fileID: 2834320985844681631, guid: 2953943eb6ab8e24081b12ab3f22a4b3, type: 3}
      propertyPath: m_LocalPosition.y
      value: 0
      objectReference: {fileID: 0}
    - target: {fileID: 2834320985844681631, guid: 2953943eb6ab8e24081b12ab3f22a4b3, type: 3}
      propertyPath: m_LocalPosition.z
      value: 0
      objectReference: {fileID: 0}
    - target: {fileID: 2834320985844681631, guid: 2953943eb6ab8e24081b12ab3f22a4b3, type: 3}
      propertyPath: m_LocalRotation.w
      value: 1
      objectReference: {fileID: 0}
    - target: {fileID: 2834320985844681631, guid: 2953943eb6ab8e24081b12ab3f22a4b3, type: 3}
      propertyPath: m_LocalRotation.x
      value: 0.000000021855694
      objectReference: {fileID: 0}
    - target: {fileID: 2834320985844681631, guid: 2953943eb6ab8e24081b12ab3f22a4b3, type: 3}
      propertyPath: m_LocalRotation.y
      value: -0
      objectReference: {fileID: 0}
    - target: {fileID: 2834320985844681631, guid: 2953943eb6ab8e24081b12ab3f22a4b3, type: 3}
      propertyPath: m_LocalRotation.z
      value: -0
      objectReference: {fileID: 0}
    - target: {fileID: 2834320985844681631, guid: 2953943eb6ab8e24081b12ab3f22a4b3, type: 3}
      propertyPath: m_LocalEulerAnglesHint.x
      value: 0
      objectReference: {fileID: 0}
    - target: {fileID: 2834320985844681631, guid: 2953943eb6ab8e24081b12ab3f22a4b3, type: 3}
      propertyPath: m_LocalEulerAnglesHint.y
      value: 0
      objectReference: {fileID: 0}
    - target: {fileID: 2834320985844681631, guid: 2953943eb6ab8e24081b12ab3f22a4b3, type: 3}
      propertyPath: m_LocalEulerAnglesHint.z
      value: 0
      objectReference: {fileID: 0}
    - target: {fileID: 3179074353417769253, guid: 2953943eb6ab8e24081b12ab3f22a4b3, type: 3}
      propertyPath: m_Name
      value: oval_mod_pitwall
      objectReference: {fileID: 0}
    - target: {fileID: 3179074353417769253, guid: 2953943eb6ab8e24081b12ab3f22a4b3, type: 3}
      propertyPath: m_IsActive
      value: 1
      objectReference: {fileID: 0}
    m_RemovedComponents: []
    m_RemovedGameObjects: []
    m_AddedGameObjects: []
    m_AddedComponents: []
  m_SourcePrefab: {fileID: 100100000, guid: 2953943eb6ab8e24081b12ab3f22a4b3, type: 3}
--- !u!4 &3767997179465399424 stripped
Transform:
  m_CorrespondingSourceObject: {fileID: 2834320985844681631, guid: 2953943eb6ab8e24081b12ab3f22a4b3, type: 3}
  m_PrefabInstance: {fileID: 1377849233419302687}
  m_PrefabAsset: {fileID: 0}
--- !u!1001 &1479142146374861996
PrefabInstance:
  m_ObjectHideFlags: 0
  serializedVersion: 2
  m_Modification:
    serializedVersion: 3
    m_TransformParent: {fileID: 8488167886516566235}
    m_Modifications:
    - target: {fileID: 5182243630922678501, guid: 06d347a4ad00ae943995b10715a3cd1a, type: 3}
      propertyPath: m_RootOrder
      value: -1
      objectReference: {fileID: 0}
    - target: {fileID: 5182243630922678501, guid: 06d347a4ad00ae943995b10715a3cd1a, type: 3}
      propertyPath: m_LocalPosition.x
      value: 0
      objectReference: {fileID: 0}
    - target: {fileID: 5182243630922678501, guid: 06d347a4ad00ae943995b10715a3cd1a, type: 3}
      propertyPath: m_LocalPosition.y
      value: 0
      objectReference: {fileID: 0}
    - target: {fileID: 5182243630922678501, guid: 06d347a4ad00ae943995b10715a3cd1a, type: 3}
      propertyPath: m_LocalPosition.z
      value: 0
      objectReference: {fileID: 0}
    - target: {fileID: 5182243630922678501, guid: 06d347a4ad00ae943995b10715a3cd1a, type: 3}
      propertyPath: m_LocalRotation.w
      value: 1
      objectReference: {fileID: 0}
    - target: {fileID: 5182243630922678501, guid: 06d347a4ad00ae943995b10715a3cd1a, type: 3}
      propertyPath: m_LocalRotation.x
      value: -0
      objectReference: {fileID: 0}
    - target: {fileID: 5182243630922678501, guid: 06d347a4ad00ae943995b10715a3cd1a, type: 3}
      propertyPath: m_LocalRotation.y
      value: -0
      objectReference: {fileID: 0}
    - target: {fileID: 5182243630922678501, guid: 06d347a4ad00ae943995b10715a3cd1a, type: 3}
      propertyPath: m_LocalRotation.z
      value: -0
      objectReference: {fileID: 0}
    - target: {fileID: 5182243630922678501, guid: 06d347a4ad00ae943995b10715a3cd1a, type: 3}
      propertyPath: m_LocalEulerAnglesHint.x
      value: 0
      objectReference: {fileID: 0}
    - target: {fileID: 5182243630922678501, guid: 06d347a4ad00ae943995b10715a3cd1a, type: 3}
      propertyPath: m_LocalEulerAnglesHint.y
      value: 0
      objectReference: {fileID: 0}
    - target: {fileID: 5182243630922678501, guid: 06d347a4ad00ae943995b10715a3cd1a, type: 3}
      propertyPath: m_LocalEulerAnglesHint.z
      value: 0
      objectReference: {fileID: 0}
    - target: {fileID: 5521650142439873119, guid: 06d347a4ad00ae943995b10715a3cd1a, type: 3}
      propertyPath: m_Name
      value: oval_mod_walls
      objectReference: {fileID: 0}
    - target: {fileID: 5521650142439873119, guid: 06d347a4ad00ae943995b10715a3cd1a, type: 3}
      propertyPath: m_IsActive
      value: 1
      objectReference: {fileID: 0}
    m_RemovedComponents: []
    m_RemovedGameObjects: []
    m_AddedGameObjects: []
    m_AddedComponents: []
  m_SourcePrefab: {fileID: 100100000, guid: 06d347a4ad00ae943995b10715a3cd1a, type: 3}
--- !u!4 &6011725861644321865 stripped
Transform:
  m_CorrespondingSourceObject: {fileID: 5182243630922678501, guid: 06d347a4ad00ae943995b10715a3cd1a, type: 3}
  m_PrefabInstance: {fileID: 1479142146374861996}
  m_PrefabAsset: {fileID: 0}
--- !u!1001 &1993297147281972034
PrefabInstance:
  m_ObjectHideFlags: 0
  serializedVersion: 2
  m_Modification:
    serializedVersion: 3
    m_TransformParent: {fileID: 8488167886516566235}
    m_Modifications:
    - target: {fileID: 1167748281217693831, guid: 236da01a3a0ddb94399e07ecc8b36af9, type: 3}
      propertyPath: m_RootOrder
      value: -1
      objectReference: {fileID: 0}
    - target: {fileID: 1167748281217693831, guid: 236da01a3a0ddb94399e07ecc8b36af9, type: 3}
      propertyPath: m_LocalPosition.x
      value: 0
      objectReference: {fileID: 0}
    - target: {fileID: 1167748281217693831, guid: 236da01a3a0ddb94399e07ecc8b36af9, type: 3}
      propertyPath: m_LocalPosition.y
      value: 0
      objectReference: {fileID: 0}
    - target: {fileID: 1167748281217693831, guid: 236da01a3a0ddb94399e07ecc8b36af9, type: 3}
      propertyPath: m_LocalPosition.z
      value: 0
      objectReference: {fileID: 0}
    - target: {fileID: 1167748281217693831, guid: 236da01a3a0ddb94399e07ecc8b36af9, type: 3}
      propertyPath: m_LocalRotation.w
      value: 1
      objectReference: {fileID: 0}
    - target: {fileID: 1167748281217693831, guid: 236da01a3a0ddb94399e07ecc8b36af9, type: 3}
      propertyPath: m_LocalRotation.x
      value: -0
      objectReference: {fileID: 0}
    - target: {fileID: 1167748281217693831, guid: 236da01a3a0ddb94399e07ecc8b36af9, type: 3}
      propertyPath: m_LocalRotation.y
      value: -0
      objectReference: {fileID: 0}
    - target: {fileID: 1167748281217693831, guid: 236da01a3a0ddb94399e07ecc8b36af9, type: 3}
      propertyPath: m_LocalRotation.z
      value: -0
      objectReference: {fileID: 0}
    - target: {fileID: 1167748281217693831, guid: 236da01a3a0ddb94399e07ecc8b36af9, type: 3}
      propertyPath: m_LocalEulerAnglesHint.x
      value: 0
      objectReference: {fileID: 0}
    - target: {fileID: 1167748281217693831, guid: 236da01a3a0ddb94399e07ecc8b36af9, type: 3}
      propertyPath: m_LocalEulerAnglesHint.y
      value: 0
      objectReference: {fileID: 0}
    - target: {fileID: 1167748281217693831, guid: 236da01a3a0ddb94399e07ecc8b36af9, type: 3}
      propertyPath: m_LocalEulerAnglesHint.z
      value: 0
      objectReference: {fileID: 0}
    - target: {fileID: 1981439196236997181, guid: 236da01a3a0ddb94399e07ecc8b36af9, type: 3}
      propertyPath: m_Name
      value: oval_mod_tents
      objectReference: {fileID: 0}
    - target: {fileID: 1981439196236997181, guid: 236da01a3a0ddb94399e07ecc8b36af9, type: 3}
      propertyPath: m_IsActive
      value: 1
      objectReference: {fileID: 0}
    m_RemovedComponents: []
    m_RemovedGameObjects: []
    m_AddedGameObjects: []
    m_AddedComponents: []
  m_SourcePrefab: {fileID: 100100000, guid: 236da01a3a0ddb94399e07ecc8b36af9, type: 3}
--- !u!4 &5790260788530994030 stripped
Transform:
  m_CorrespondingSourceObject: {fileID: 1167748281217693831, guid: 236da01a3a0ddb94399e07ecc8b36af9, type: 3}
  m_PrefabInstance: {fileID: 1993297147281972034}
  m_PrefabAsset: {fileID: 0}
--- !u!1001 &2228657665137486268
PrefabInstance:
  m_ObjectHideFlags: 0
  serializedVersion: 2
  m_Modification:
    serializedVersion: 3
    m_TransformParent: {fileID: 8488167886516566235}
    m_Modifications:
    - target: {fileID: 449833352482565534, guid: 32d5690c9db90e740bddd052e48efc2e, type: 3}
      propertyPath: m_Name
      value: oval_mod_barriers
      objectReference: {fileID: 0}
    - target: {fileID: 449833352482565534, guid: 32d5690c9db90e740bddd052e48efc2e, type: 3}
      propertyPath: m_IsActive
      value: 1
      objectReference: {fileID: 0}
    - target: {fileID: 969946965949871908, guid: 32d5690c9db90e740bddd052e48efc2e, type: 3}
      propertyPath: m_RootOrder
      value: -1
      objectReference: {fileID: 0}
    - target: {fileID: 969946965949871908, guid: 32d5690c9db90e740bddd052e48efc2e, type: 3}
      propertyPath: m_LocalPosition.x
      value: 0
      objectReference: {fileID: 0}
    - target: {fileID: 969946965949871908, guid: 32d5690c9db90e740bddd052e48efc2e, type: 3}
      propertyPath: m_LocalPosition.y
      value: 0
      objectReference: {fileID: 0}
    - target: {fileID: 969946965949871908, guid: 32d5690c9db90e740bddd052e48efc2e, type: 3}
      propertyPath: m_LocalPosition.z
      value: 0
      objectReference: {fileID: 0}
    - target: {fileID: 969946965949871908, guid: 32d5690c9db90e740bddd052e48efc2e, type: 3}
      propertyPath: m_LocalRotation.w
      value: 1
      objectReference: {fileID: 0}
    - target: {fileID: 969946965949871908, guid: 32d5690c9db90e740bddd052e48efc2e, type: 3}
      propertyPath: m_LocalRotation.x
      value: -0
      objectReference: {fileID: 0}
    - target: {fileID: 969946965949871908, guid: 32d5690c9db90e740bddd052e48efc2e, type: 3}
      propertyPath: m_LocalRotation.y
      value: -0
      objectReference: {fileID: 0}
    - target: {fileID: 969946965949871908, guid: 32d5690c9db90e740bddd052e48efc2e, type: 3}
      propertyPath: m_LocalRotation.z
      value: -0
      objectReference: {fileID: 0}
    - target: {fileID: 969946965949871908, guid: 32d5690c9db90e740bddd052e48efc2e, type: 3}
      propertyPath: m_LocalEulerAnglesHint.x
      value: 0
      objectReference: {fileID: 0}
    - target: {fileID: 969946965949871908, guid: 32d5690c9db90e740bddd052e48efc2e, type: 3}
      propertyPath: m_LocalEulerAnglesHint.y
      value: 0
      objectReference: {fileID: 0}
    - target: {fileID: 969946965949871908, guid: 32d5690c9db90e740bddd052e48efc2e, type: 3}
      propertyPath: m_LocalEulerAnglesHint.z
      value: 0
      objectReference: {fileID: 0}
    m_RemovedComponents: []
    m_RemovedGameObjects: []
    m_AddedGameObjects: []
    m_AddedComponents: []
  m_SourcePrefab: {fileID: 100100000, guid: 32d5690c9db90e740bddd052e48efc2e, type: 3}
--- !u!4 &1411942215329013400 stripped
Transform:
  m_CorrespondingSourceObject: {fileID: 969946965949871908, guid: 32d5690c9db90e740bddd052e48efc2e, type: 3}
  m_PrefabInstance: {fileID: 2228657665137486268}
  m_PrefabAsset: {fileID: 0}
--- !u!1001 &2314137255469733329
PrefabInstance:
  m_ObjectHideFlags: 0
  serializedVersion: 2
  m_Modification:
    serializedVersion: 3
    m_TransformParent: {fileID: 8488167886516566235}
    m_Modifications:
    - target: {fileID: 259541758162778781, guid: cbf79babae678474692ba1856eb21d5f, type: 3}
      propertyPath: m_RootOrder
      value: -1
      objectReference: {fileID: 0}
    - target: {fileID: 259541758162778781, guid: cbf79babae678474692ba1856eb21d5f, type: 3}
      propertyPath: m_LocalPosition.x
      value: 0
      objectReference: {fileID: 0}
    - target: {fileID: 259541758162778781, guid: cbf79babae678474692ba1856eb21d5f, type: 3}
      propertyPath: m_LocalPosition.y
      value: 0
      objectReference: {fileID: 0}
    - target: {fileID: 259541758162778781, guid: cbf79babae678474692ba1856eb21d5f, type: 3}
      propertyPath: m_LocalPosition.z
      value: 0
      objectReference: {fileID: 0}
    - target: {fileID: 259541758162778781, guid: cbf79babae678474692ba1856eb21d5f, type: 3}
      propertyPath: m_LocalRotation.w
      value: 1
      objectReference: {fileID: 0}
    - target: {fileID: 259541758162778781, guid: cbf79babae678474692ba1856eb21d5f, type: 3}
      propertyPath: m_LocalRotation.x
      value: 0.000000021855694
      objectReference: {fileID: 0}
    - target: {fileID: 259541758162778781, guid: cbf79babae678474692ba1856eb21d5f, type: 3}
      propertyPath: m_LocalRotation.y
      value: -0
      objectReference: {fileID: 0}
    - target: {fileID: 259541758162778781, guid: cbf79babae678474692ba1856eb21d5f, type: 3}
      propertyPath: m_LocalRotation.z
      value: -0
      objectReference: {fileID: 0}
    - target: {fileID: 259541758162778781, guid: cbf79babae678474692ba1856eb21d5f, type: 3}
      propertyPath: m_LocalEulerAnglesHint.x
      value: 0
      objectReference: {fileID: 0}
    - target: {fileID: 259541758162778781, guid: cbf79babae678474692ba1856eb21d5f, type: 3}
      propertyPath: m_LocalEulerAnglesHint.y
      value: 0
      objectReference: {fileID: 0}
    - target: {fileID: 259541758162778781, guid: cbf79babae678474692ba1856eb21d5f, type: 3}
      propertyPath: m_LocalEulerAnglesHint.z
      value: 0
      objectReference: {fileID: 0}
    - target: {fileID: 635503934028144679, guid: cbf79babae678474692ba1856eb21d5f, type: 3}
      propertyPath: m_Name
      value: oval_mod_lines
      objectReference: {fileID: 0}
    - target: {fileID: 635503934028144679, guid: cbf79babae678474692ba1856eb21d5f, type: 3}
      propertyPath: m_IsActive
      value: 1
      objectReference: {fileID: 0}
    m_RemovedComponents: []
    m_RemovedGameObjects: []
    m_AddedGameObjects: []
    m_AddedComponents: []
  m_SourcePrefab: {fileID: 100100000, guid: cbf79babae678474692ba1856eb21d5f, type: 3}
--- !u!4 &2560125174295392076 stripped
Transform:
  m_CorrespondingSourceObject: {fileID: 259541758162778781, guid: cbf79babae678474692ba1856eb21d5f, type: 3}
  m_PrefabInstance: {fileID: 2314137255469733329}
  m_PrefabAsset: {fileID: 0}
--- !u!1001 &4181113342346485880
PrefabInstance:
  m_ObjectHideFlags: 0
  serializedVersion: 2
  m_Modification:
    serializedVersion: 3
    m_TransformParent: {fileID: 8488167886516566235}
    m_Modifications:
    - target: {fileID: 2639911455080084039, guid: 29941f1cf302e7c4fb5a208f889be20e, type: 3}
      propertyPath: m_RootOrder
      value: -1
      objectReference: {fileID: 0}
    - target: {fileID: 2639911455080084039, guid: 29941f1cf302e7c4fb5a208f889be20e, type: 3}
      propertyPath: m_LocalPosition.x
      value: 0
      objectReference: {fileID: 0}
    - target: {fileID: 2639911455080084039, guid: 29941f1cf302e7c4fb5a208f889be20e, type: 3}
      propertyPath: m_LocalPosition.y
      value: 0
      objectReference: {fileID: 0}
    - target: {fileID: 2639911455080084039, guid: 29941f1cf302e7c4fb5a208f889be20e, type: 3}
      propertyPath: m_LocalPosition.z
      value: 0
      objectReference: {fileID: 0}
    - target: {fileID: 2639911455080084039, guid: 29941f1cf302e7c4fb5a208f889be20e, type: 3}
      propertyPath: m_LocalRotation.w
      value: 1
      objectReference: {fileID: 0}
    - target: {fileID: 2639911455080084039, guid: 29941f1cf302e7c4fb5a208f889be20e, type: 3}
      propertyPath: m_LocalRotation.x
      value: -0
      objectReference: {fileID: 0}
    - target: {fileID: 2639911455080084039, guid: 29941f1cf302e7c4fb5a208f889be20e, type: 3}
      propertyPath: m_LocalRotation.y
      value: -0
      objectReference: {fileID: 0}
    - target: {fileID: 2639911455080084039, guid: 29941f1cf302e7c4fb5a208f889be20e, type: 3}
      propertyPath: m_LocalRotation.z
      value: -0
      objectReference: {fileID: 0}
    - target: {fileID: 2639911455080084039, guid: 29941f1cf302e7c4fb5a208f889be20e, type: 3}
      propertyPath: m_LocalEulerAnglesHint.x
      value: 0
      objectReference: {fileID: 0}
    - target: {fileID: 2639911455080084039, guid: 29941f1cf302e7c4fb5a208f889be20e, type: 3}
      propertyPath: m_LocalEulerAnglesHint.y
      value: 0
      objectReference: {fileID: 0}
    - target: {fileID: 2639911455080084039, guid: 29941f1cf302e7c4fb5a208f889be20e, type: 3}
      propertyPath: m_LocalEulerAnglesHint.z
      value: 0
      objectReference: {fileID: 0}
    - target: {fileID: 3452301412073482493, guid: 29941f1cf302e7c4fb5a208f889be20e, type: 3}
      propertyPath: m_Name
      value: oval_mod_seats
      objectReference: {fileID: 0}
    - target: {fileID: 3452301412073482493, guid: 29941f1cf302e7c4fb5a208f889be20e, type: 3}
      propertyPath: m_IsActive
      value: 1
      objectReference: {fileID: 0}
    m_RemovedComponents: []
    m_RemovedGameObjects: []
    m_AddedGameObjects: []
    m_AddedComponents: []
  m_SourcePrefab: {fileID: 100100000, guid: 29941f1cf302e7c4fb5a208f889be20e, type: 3}
--- !u!4 &2208053638884823615 stripped
Transform:
  m_CorrespondingSourceObject: {fileID: 2639911455080084039, guid: 29941f1cf302e7c4fb5a208f889be20e, type: 3}
  m_PrefabInstance: {fileID: 4181113342346485880}
  m_PrefabAsset: {fileID: 0}
--- !u!1001 &4599376323968747418
PrefabInstance:
  m_ObjectHideFlags: 0
  serializedVersion: 2
  m_Modification:
    serializedVersion: 3
    m_TransformParent: {fileID: 8488167886516566235}
    m_Modifications:
    - target: {fileID: 4030329975700596570, guid: 75b153afc116e8c4b83693a9bbf7f515, type: 3}
      propertyPath: m_Name
      value: oval_mod_tyres
      objectReference: {fileID: 0}
    - target: {fileID: 4030329975700596570, guid: 75b153afc116e8c4b83693a9bbf7f515, type: 3}
      propertyPath: m_IsActive
      value: 1
      objectReference: {fileID: 0}
    - target: {fileID: 4369981953471839712, guid: 75b153afc116e8c4b83693a9bbf7f515, type: 3}
      propertyPath: m_RootOrder
      value: -1
      objectReference: {fileID: 0}
    - target: {fileID: 4369981953471839712, guid: 75b153afc116e8c4b83693a9bbf7f515, type: 3}
      propertyPath: m_LocalPosition.x
      value: 0
      objectReference: {fileID: 0}
    - target: {fileID: 4369981953471839712, guid: 75b153afc116e8c4b83693a9bbf7f515, type: 3}
      propertyPath: m_LocalPosition.y
      value: 0
      objectReference: {fileID: 0}
    - target: {fileID: 4369981953471839712, guid: 75b153afc116e8c4b83693a9bbf7f515, type: 3}
      propertyPath: m_LocalPosition.z
      value: 0
      objectReference: {fileID: 0}
    - target: {fileID: 4369981953471839712, guid: 75b153afc116e8c4b83693a9bbf7f515, type: 3}
      propertyPath: m_LocalRotation.w
      value: 1
      objectReference: {fileID: 0}
    - target: {fileID: 4369981953471839712, guid: 75b153afc116e8c4b83693a9bbf7f515, type: 3}
      propertyPath: m_LocalRotation.x
      value: -0
      objectReference: {fileID: 0}
    - target: {fileID: 4369981953471839712, guid: 75b153afc116e8c4b83693a9bbf7f515, type: 3}
      propertyPath: m_LocalRotation.y
      value: -0
      objectReference: {fileID: 0}
    - target: {fileID: 4369981953471839712, guid: 75b153afc116e8c4b83693a9bbf7f515, type: 3}
      propertyPath: m_LocalRotation.z
      value: -0
      objectReference: {fileID: 0}
    - target: {fileID: 4369981953471839712, guid: 75b153afc116e8c4b83693a9bbf7f515, type: 3}
      propertyPath: m_LocalEulerAnglesHint.x
      value: 0
      objectReference: {fileID: 0}
    - target: {fileID: 4369981953471839712, guid: 75b153afc116e8c4b83693a9bbf7f515, type: 3}
      propertyPath: m_LocalEulerAnglesHint.y
      value: 0
      objectReference: {fileID: 0}
    - target: {fileID: 4369981953471839712, guid: 75b153afc116e8c4b83693a9bbf7f515, type: 3}
      propertyPath: m_LocalEulerAnglesHint.z
      value: 0
      objectReference: {fileID: 0}
    m_RemovedComponents: []
    m_RemovedGameObjects: []
    m_AddedGameObjects: []
    m_AddedComponents: []
  m_SourcePrefab: {fileID: 100100000, guid: 75b153afc116e8c4b83693a9bbf7f515, type: 3}
--- !u!4 &247995994702199418 stripped
Transform:
  m_CorrespondingSourceObject: {fileID: 4369981953471839712, guid: 75b153afc116e8c4b83693a9bbf7f515, type: 3}
  m_PrefabInstance: {fileID: 4599376323968747418}
  m_PrefabAsset: {fileID: 0}
--- !u!1001 &4643087373126525929
PrefabInstance:
  m_ObjectHideFlags: 0
  serializedVersion: 2
  m_Modification:
    serializedVersion: 3
    m_TransformParent: {fileID: 8488167886516566235}
    m_Modifications:
    - target: {fileID: 8252766751281143996, guid: d7c9b08657eabc54db441e4854d7996e, type: 3}
      propertyPath: m_Name
      value: oval_mod_startlights
      objectReference: {fileID: 0}
    - target: {fileID: 8252766751281143996, guid: d7c9b08657eabc54db441e4854d7996e, type: 3}
      propertyPath: m_IsActive
      value: 1
      objectReference: {fileID: 0}
    - target: {fileID: 8776503084654541318, guid: d7c9b08657eabc54db441e4854d7996e, type: 3}
      propertyPath: m_RootOrder
      value: -1
      objectReference: {fileID: 0}
    - target: {fileID: 8776503084654541318, guid: d7c9b08657eabc54db441e4854d7996e, type: 3}
      propertyPath: m_LocalPosition.x
      value: 0
      objectReference: {fileID: 0}
    - target: {fileID: 8776503084654541318, guid: d7c9b08657eabc54db441e4854d7996e, type: 3}
      propertyPath: m_LocalPosition.y
      value: 0
      objectReference: {fileID: 0}
    - target: {fileID: 8776503084654541318, guid: d7c9b08657eabc54db441e4854d7996e, type: 3}
      propertyPath: m_LocalPosition.z
      value: 0
      objectReference: {fileID: 0}
    - target: {fileID: 8776503084654541318, guid: d7c9b08657eabc54db441e4854d7996e, type: 3}
      propertyPath: m_LocalRotation.w
      value: 1
      objectReference: {fileID: 0}
    - target: {fileID: 8776503084654541318, guid: d7c9b08657eabc54db441e4854d7996e, type: 3}
      propertyPath: m_LocalRotation.x
      value: -0
      objectReference: {fileID: 0}
    - target: {fileID: 8776503084654541318, guid: d7c9b08657eabc54db441e4854d7996e, type: 3}
      propertyPath: m_LocalRotation.y
      value: -0
      objectReference: {fileID: 0}
    - target: {fileID: 8776503084654541318, guid: d7c9b08657eabc54db441e4854d7996e, type: 3}
      propertyPath: m_LocalRotation.z
      value: -0
      objectReference: {fileID: 0}
    - target: {fileID: 8776503084654541318, guid: d7c9b08657eabc54db441e4854d7996e, type: 3}
      propertyPath: m_LocalEulerAnglesHint.x
      value: 0
      objectReference: {fileID: 0}
    - target: {fileID: 8776503084654541318, guid: d7c9b08657eabc54db441e4854d7996e, type: 3}
      propertyPath: m_LocalEulerAnglesHint.y
      value: 0
      objectReference: {fileID: 0}
    - target: {fileID: 8776503084654541318, guid: d7c9b08657eabc54db441e4854d7996e, type: 3}
      propertyPath: m_LocalEulerAnglesHint.z
      value: 0
      objectReference: {fileID: 0}
    m_RemovedComponents: []
    m_RemovedGameObjects: []
    m_AddedGameObjects: []
    m_AddedComponents: []
  m_SourcePrefab: {fileID: 100100000, guid: d7c9b08657eabc54db441e4854d7996e, type: 3}
--- !u!4 &4153418727141595631 stripped
Transform:
  m_CorrespondingSourceObject: {fileID: 8776503084654541318, guid: d7c9b08657eabc54db441e4854d7996e, type: 3}
  m_PrefabInstance: {fileID: 4643087373126525929}
  m_PrefabAsset: {fileID: 0}
--- !u!1001 &6088866905983849466
PrefabInstance:
  m_ObjectHideFlags: 0
  serializedVersion: 2
  m_Modification:
    serializedVersion: 3
    m_TransformParent: {fileID: 8488167886516566235}
    m_Modifications:
    - target: {fileID: 4025225445679518885, guid: 27e8bc534fb9c974fa4da2c0a43518fd, type: 3}
      propertyPath: m_RootOrder
      value: -1
      objectReference: {fileID: 0}
    - target: {fileID: 4025225445679518885, guid: 27e8bc534fb9c974fa4da2c0a43518fd, type: 3}
      propertyPath: m_LocalPosition.x
      value: 0
      objectReference: {fileID: 0}
    - target: {fileID: 4025225445679518885, guid: 27e8bc534fb9c974fa4da2c0a43518fd, type: 3}
      propertyPath: m_LocalPosition.y
      value: 0
      objectReference: {fileID: 0}
    - target: {fileID: 4025225445679518885, guid: 27e8bc534fb9c974fa4da2c0a43518fd, type: 3}
      propertyPath: m_LocalPosition.z
      value: 0
      objectReference: {fileID: 0}
    - target: {fileID: 4025225445679518885, guid: 27e8bc534fb9c974fa4da2c0a43518fd, type: 3}
      propertyPath: m_LocalRotation.w
      value: 1
      objectReference: {fileID: 0}
    - target: {fileID: 4025225445679518885, guid: 27e8bc534fb9c974fa4da2c0a43518fd, type: 3}
      propertyPath: m_LocalRotation.x
      value: -0
      objectReference: {fileID: 0}
    - target: {fileID: 4025225445679518885, guid: 27e8bc534fb9c974fa4da2c0a43518fd, type: 3}
      propertyPath: m_LocalRotation.y
      value: -0
      objectReference: {fileID: 0}
    - target: {fileID: 4025225445679518885, guid: 27e8bc534fb9c974fa4da2c0a43518fd, type: 3}
      propertyPath: m_LocalRotation.z
      value: -0
      objectReference: {fileID: 0}
    - target: {fileID: 4025225445679518885, guid: 27e8bc534fb9c974fa4da2c0a43518fd, type: 3}
      propertyPath: m_LocalEulerAnglesHint.x
      value: 0
      objectReference: {fileID: 0}
    - target: {fileID: 4025225445679518885, guid: 27e8bc534fb9c974fa4da2c0a43518fd, type: 3}
      propertyPath: m_LocalEulerAnglesHint.y
      value: 0
      objectReference: {fileID: 0}
    - target: {fileID: 4025225445679518885, guid: 27e8bc534fb9c974fa4da2c0a43518fd, type: 3}
      propertyPath: m_LocalEulerAnglesHint.z
      value: 0
      objectReference: {fileID: 0}
    - target: {fileID: 4366144850234904095, guid: 27e8bc534fb9c974fa4da2c0a43518fd, type: 3}
      propertyPath: m_Name
      value: oval_mod_buildings
      objectReference: {fileID: 0}
    - target: {fileID: 4366144850234904095, guid: 27e8bc534fb9c974fa4da2c0a43518fd, type: 3}
      propertyPath: m_IsActive
      value: 1
      objectReference: {fileID: 0}
    m_RemovedComponents: []
    m_RemovedGameObjects: []
    m_AddedGameObjects: []
    m_AddedComponents: []
  m_SourcePrefab: {fileID: 100100000, guid: 27e8bc534fb9c974fa4da2c0a43518fd, type: 3}
--- !u!4 &7159730580888471391 stripped
Transform:
  m_CorrespondingSourceObject: {fileID: 4025225445679518885, guid: 27e8bc534fb9c974fa4da2c0a43518fd, type: 3}
  m_PrefabInstance: {fileID: 6088866905983849466}
  m_PrefabAsset: {fileID: 0}
--- !u!1001 &6342217363400608927
PrefabInstance:
  m_ObjectHideFlags: 0
  serializedVersion: 2
  m_Modification:
    serializedVersion: 3
    m_TransformParent: {fileID: 8488167886516566235}
    m_Modifications:
    - target: {fileID: 4844194986776640705, guid: 0272d5b08108c7543b70c3ccbcd7249c, type: 3}
      propertyPath: m_RootOrder
      value: -1
      objectReference: {fileID: 0}
    - target: {fileID: 4844194986776640705, guid: 0272d5b08108c7543b70c3ccbcd7249c, type: 3}
      propertyPath: m_LocalPosition.x
      value: 0
      objectReference: {fileID: 0}
    - target: {fileID: 4844194986776640705, guid: 0272d5b08108c7543b70c3ccbcd7249c, type: 3}
      propertyPath: m_LocalPosition.y
      value: 0
      objectReference: {fileID: 0}
    - target: {fileID: 4844194986776640705, guid: 0272d5b08108c7543b70c3ccbcd7249c, type: 3}
      propertyPath: m_LocalPosition.z
      value: 0
      objectReference: {fileID: 0}
    - target: {fileID: 4844194986776640705, guid: 0272d5b08108c7543b70c3ccbcd7249c, type: 3}
      propertyPath: m_LocalRotation.w
      value: 1
      objectReference: {fileID: 0}
    - target: {fileID: 4844194986776640705, guid: 0272d5b08108c7543b70c3ccbcd7249c, type: 3}
      propertyPath: m_LocalRotation.x
      value: -0
      objectReference: {fileID: 0}
    - target: {fileID: 4844194986776640705, guid: 0272d5b08108c7543b70c3ccbcd7249c, type: 3}
      propertyPath: m_LocalRotation.y
      value: -0
      objectReference: {fileID: 0}
    - target: {fileID: 4844194986776640705, guid: 0272d5b08108c7543b70c3ccbcd7249c, type: 3}
      propertyPath: m_LocalRotation.z
      value: -0
      objectReference: {fileID: 0}
    - target: {fileID: 4844194986776640705, guid: 0272d5b08108c7543b70c3ccbcd7249c, type: 3}
      propertyPath: m_LocalEulerAnglesHint.x
      value: 0
      objectReference: {fileID: 0}
    - target: {fileID: 4844194986776640705, guid: 0272d5b08108c7543b70c3ccbcd7249c, type: 3}
      propertyPath: m_LocalEulerAnglesHint.y
      value: 0
      objectReference: {fileID: 0}
    - target: {fileID: 4844194986776640705, guid: 0272d5b08108c7543b70c3ccbcd7249c, type: 3}
      propertyPath: m_LocalEulerAnglesHint.z
      value: 0
      objectReference: {fileID: 0}
    - target: {fileID: 5220192038653060731, guid: 0272d5b08108c7543b70c3ccbcd7249c, type: 3}
      propertyPath: m_Name
      value: oval_mod_terrain
      objectReference: {fileID: 0}
    m_RemovedComponents: []
    m_RemovedGameObjects: []
    m_AddedGameObjects: []
    m_AddedComponents: []
  m_SourcePrefab: {fileID: 100100000, guid: 0272d5b08108c7543b70c3ccbcd7249c, type: 3}
--- !u!4 &1963038073445052510 stripped
Transform:
  m_CorrespondingSourceObject: {fileID: 4844194986776640705, guid: 0272d5b08108c7543b70c3ccbcd7249c, type: 3}
  m_PrefabInstance: {fileID: 6342217363400608927}
  m_PrefabAsset: {fileID: 0}
--- !u!1001 &7298874968954068587
PrefabInstance:
  m_ObjectHideFlags: 0
  serializedVersion: 2
  m_Modification:
    serializedVersion: 3
    m_TransformParent: {fileID: 8488167886516566235}
    m_Modifications:
    - target: {fileID: 5926851515273749033, guid: f3b91a1b9d3bd0f41af30fd573263395, type: 3}
      propertyPath: m_Name
      value: oval_mod_blocks
      objectReference: {fileID: 0}
    - target: {fileID: 5926851515273749033, guid: f3b91a1b9d3bd0f41af30fd573263395, type: 3}
      propertyPath: m_IsActive
      value: 1
      objectReference: {fileID: 0}
    - target: {fileID: 6416425098950015123, guid: f3b91a1b9d3bd0f41af30fd573263395, type: 3}
      propertyPath: m_RootOrder
      value: -1
      objectReference: {fileID: 0}
    - target: {fileID: 6416425098950015123, guid: f3b91a1b9d3bd0f41af30fd573263395, type: 3}
      propertyPath: m_LocalPosition.x
      value: 0
      objectReference: {fileID: 0}
    - target: {fileID: 6416425098950015123, guid: f3b91a1b9d3bd0f41af30fd573263395, type: 3}
      propertyPath: m_LocalPosition.y
      value: 0
      objectReference: {fileID: 0}
    - target: {fileID: 6416425098950015123, guid: f3b91a1b9d3bd0f41af30fd573263395, type: 3}
      propertyPath: m_LocalPosition.z
      value: 0
      objectReference: {fileID: 0}
    - target: {fileID: 6416425098950015123, guid: f3b91a1b9d3bd0f41af30fd573263395, type: 3}
      propertyPath: m_LocalRotation.w
      value: 1
      objectReference: {fileID: 0}
    - target: {fileID: 6416425098950015123, guid: f3b91a1b9d3bd0f41af30fd573263395, type: 3}
      propertyPath: m_LocalRotation.x
      value: -0
      objectReference: {fileID: 0}
    - target: {fileID: 6416425098950015123, guid: f3b91a1b9d3bd0f41af30fd573263395, type: 3}
      propertyPath: m_LocalRotation.y
      value: -0
      objectReference: {fileID: 0}
    - target: {fileID: 6416425098950015123, guid: f3b91a1b9d3bd0f41af30fd573263395, type: 3}
      propertyPath: m_LocalRotation.z
      value: -0
      objectReference: {fileID: 0}
    - target: {fileID: 6416425098950015123, guid: f3b91a1b9d3bd0f41af30fd573263395, type: 3}
      propertyPath: m_LocalEulerAnglesHint.x
      value: 0
      objectReference: {fileID: 0}
    - target: {fileID: 6416425098950015123, guid: f3b91a1b9d3bd0f41af30fd573263395, type: 3}
      propertyPath: m_LocalEulerAnglesHint.y
      value: 0
      objectReference: {fileID: 0}
    - target: {fileID: 6416425098950015123, guid: f3b91a1b9d3bd0f41af30fd573263395, type: 3}
      propertyPath: m_LocalEulerAnglesHint.z
      value: 0
      objectReference: {fileID: 0}
    m_RemovedComponents: []
    m_RemovedGameObjects: []
    m_AddedGameObjects: []
    m_AddedComponents: []
  m_SourcePrefab: {fileID: 100100000, guid: f3b91a1b9d3bd0f41af30fd573263395, type: 3}
--- !u!4 &4341866677905893112 stripped
Transform:
  m_CorrespondingSourceObject: {fileID: 6416425098950015123, guid: f3b91a1b9d3bd0f41af30fd573263395, type: 3}
  m_PrefabInstance: {fileID: 7298874968954068587}
  m_PrefabAsset: {fileID: 0}
--- !u!1001 &8020614650017326787
PrefabInstance:
  m_ObjectHideFlags: 0
  serializedVersion: 2
  m_Modification:
    serializedVersion: 3
    m_TransformParent: {fileID: 8488167886516566235}
    m_Modifications:
    - target: {fileID: 8433130598519126535, guid: cae49809804330a498981fb4fd11d70e, type: 3}
      propertyPath: m_RootOrder
      value: -1
      objectReference: {fileID: 0}
    - target: {fileID: 8433130598519126535, guid: cae49809804330a498981fb4fd11d70e, type: 3}
      propertyPath: m_LocalPosition.x
      value: 0
      objectReference: {fileID: 0}
    - target: {fileID: 8433130598519126535, guid: cae49809804330a498981fb4fd11d70e, type: 3}
      propertyPath: m_LocalPosition.y
      value: 0
      objectReference: {fileID: 0}
    - target: {fileID: 8433130598519126535, guid: cae49809804330a498981fb4fd11d70e, type: 3}
      propertyPath: m_LocalPosition.z
      value: 0
      objectReference: {fileID: 0}
    - target: {fileID: 8433130598519126535, guid: cae49809804330a498981fb4fd11d70e, type: 3}
      propertyPath: m_LocalRotation.w
      value: 1
      objectReference: {fileID: 0}
    - target: {fileID: 8433130598519126535, guid: cae49809804330a498981fb4fd11d70e, type: 3}
      propertyPath: m_LocalRotation.x
      value: -0
      objectReference: {fileID: 0}
    - target: {fileID: 8433130598519126535, guid: cae49809804330a498981fb4fd11d70e, type: 3}
      propertyPath: m_LocalRotation.y
      value: -0
      objectReference: {fileID: 0}
    - target: {fileID: 8433130598519126535, guid: cae49809804330a498981fb4fd11d70e, type: 3}
      propertyPath: m_LocalRotation.z
      value: -0
      objectReference: {fileID: 0}
    - target: {fileID: 8433130598519126535, guid: cae49809804330a498981fb4fd11d70e, type: 3}
      propertyPath: m_LocalEulerAnglesHint.x
      value: 0
      objectReference: {fileID: 0}
    - target: {fileID: 8433130598519126535, guid: cae49809804330a498981fb4fd11d70e, type: 3}
      propertyPath: m_LocalEulerAnglesHint.y
      value: 0
      objectReference: {fileID: 0}
    - target: {fileID: 8433130598519126535, guid: cae49809804330a498981fb4fd11d70e, type: 3}
      propertyPath: m_LocalEulerAnglesHint.z
      value: 0
      objectReference: {fileID: 0}
    - target: {fileID: 9098308318136754365, guid: cae49809804330a498981fb4fd11d70e, type: 3}
      propertyPath: m_Name
      value: oval_mod_lamps
      objectReference: {fileID: 0}
    - target: {fileID: 9098308318136754365, guid: cae49809804330a498981fb4fd11d70e, type: 3}
      propertyPath: m_IsActive
      value: 1
      objectReference: {fileID: 0}
    m_RemovedComponents: []
    m_RemovedGameObjects: []
    m_AddedGameObjects: []
    m_AddedComponents: []
  m_SourcePrefab: {fileID: 100100000, guid: cae49809804330a498981fb4fd11d70e, type: 3}
--- !u!4 &1893355854210931908 stripped
Transform:
  m_CorrespondingSourceObject: {fileID: 8433130598519126535, guid: cae49809804330a498981fb4fd11d70e, type: 3}
  m_PrefabInstance: {fileID: 8020614650017326787}
  m_PrefabAsset: {fileID: 0}
--- !u!1001 &8447108878597211446
PrefabInstance:
  m_ObjectHideFlags: 0
  serializedVersion: 2
  m_Modification:
    serializedVersion: 3
    m_TransformParent: {fileID: 8488167886516566235}
    m_Modifications:
    - target: {fileID: 7071668861833630463, guid: 95fa7fc8bfed17d498b877fadc1697fc, type: 3}
      propertyPath: m_Name
      value: oval_mod_trees
      objectReference: {fileID: 0}
    - target: {fileID: 7071668861833630463, guid: 95fa7fc8bfed17d498b877fadc1697fc, type: 3}
      propertyPath: m_IsActive
      value: 1
      objectReference: {fileID: 0}
    - target: {fileID: 7595406466165016645, guid: 95fa7fc8bfed17d498b877fadc1697fc, type: 3}
      propertyPath: m_RootOrder
      value: -1
      objectReference: {fileID: 0}
    - target: {fileID: 7595406466165016645, guid: 95fa7fc8bfed17d498b877fadc1697fc, type: 3}
      propertyPath: m_LocalPosition.x
      value: 0
      objectReference: {fileID: 0}
    - target: {fileID: 7595406466165016645, guid: 95fa7fc8bfed17d498b877fadc1697fc, type: 3}
      propertyPath: m_LocalPosition.y
      value: 0
      objectReference: {fileID: 0}
    - target: {fileID: 7595406466165016645, guid: 95fa7fc8bfed17d498b877fadc1697fc, type: 3}
      propertyPath: m_LocalPosition.z
      value: 0
      objectReference: {fileID: 0}
    - target: {fileID: 7595406466165016645, guid: 95fa7fc8bfed17d498b877fadc1697fc, type: 3}
      propertyPath: m_LocalRotation.w
      value: 1
      objectReference: {fileID: 0}
    - target: {fileID: 7595406466165016645, guid: 95fa7fc8bfed17d498b877fadc1697fc, type: 3}
      propertyPath: m_LocalRotation.x
      value: -0
      objectReference: {fileID: 0}
    - target: {fileID: 7595406466165016645, guid: 95fa7fc8bfed17d498b877fadc1697fc, type: 3}
      propertyPath: m_LocalRotation.y
      value: -0
      objectReference: {fileID: 0}
    - target: {fileID: 7595406466165016645, guid: 95fa7fc8bfed17d498b877fadc1697fc, type: 3}
      propertyPath: m_LocalRotation.z
      value: -0
      objectReference: {fileID: 0}
    - target: {fileID: 7595406466165016645, guid: 95fa7fc8bfed17d498b877fadc1697fc, type: 3}
      propertyPath: m_LocalEulerAnglesHint.x
      value: 0
      objectReference: {fileID: 0}
    - target: {fileID: 7595406466165016645, guid: 95fa7fc8bfed17d498b877fadc1697fc, type: 3}
      propertyPath: m_LocalEulerAnglesHint.y
      value: 0
      objectReference: {fileID: 0}
    - target: {fileID: 7595406466165016645, guid: 95fa7fc8bfed17d498b877fadc1697fc, type: 3}
      propertyPath: m_LocalEulerAnglesHint.z
      value: 0
      objectReference: {fileID: 0}
    m_RemovedComponents: []
    m_RemovedGameObjects: []
    m_AddedGameObjects: []
    m_AddedComponents: []
  m_SourcePrefab: {fileID: 100100000, guid: 95fa7fc8bfed17d498b877fadc1697fc, type: 3}
--- !u!4 &8612436814654874105 stripped
Transform:
  m_CorrespondingSourceObject: {fileID: 7595406466165016645, guid: 95fa7fc8bfed17d498b877fadc1697fc, type: 3}
  m_PrefabInstance: {fileID: 8447108878597211446}
  m_PrefabAsset: {fileID: 0}
--- !u!1001 &8978867246571394443
PrefabInstance:
  m_ObjectHideFlags: 0
  serializedVersion: 2
  m_Modification:
    serializedVersion: 3
    m_TransformParent: {fileID: 8488167886516566235}
    m_Modifications:
    - target: {fileID: 8248137563624326109, guid: 2b742cea3010f98448c0976eb0724a22, type: 3}
      propertyPath: m_Name
      value: oval_mod_turnsigns
      objectReference: {fileID: 0}
    - target: {fileID: 8248137563624326109, guid: 2b742cea3010f98448c0976eb0724a22, type: 3}
      propertyPath: m_IsActive
      value: 1
      objectReference: {fileID: 0}
    - target: {fileID: 8736022052560050535, guid: 2b742cea3010f98448c0976eb0724a22, type: 3}
      propertyPath: m_RootOrder
      value: -1
      objectReference: {fileID: 0}
    - target: {fileID: 8736022052560050535, guid: 2b742cea3010f98448c0976eb0724a22, type: 3}
      propertyPath: m_LocalPosition.x
      value: 0
      objectReference: {fileID: 0}
    - target: {fileID: 8736022052560050535, guid: 2b742cea3010f98448c0976eb0724a22, type: 3}
      propertyPath: m_LocalPosition.y
      value: 0
      objectReference: {fileID: 0}
    - target: {fileID: 8736022052560050535, guid: 2b742cea3010f98448c0976eb0724a22, type: 3}
      propertyPath: m_LocalPosition.z
      value: 0
      objectReference: {fileID: 0}
    - target: {fileID: 8736022052560050535, guid: 2b742cea3010f98448c0976eb0724a22, type: 3}
      propertyPath: m_LocalRotation.w
      value: 1
      objectReference: {fileID: 0}
    - target: {fileID: 8736022052560050535, guid: 2b742cea3010f98448c0976eb0724a22, type: 3}
      propertyPath: m_LocalRotation.x
      value: -0
      objectReference: {fileID: 0}
    - target: {fileID: 8736022052560050535, guid: 2b742cea3010f98448c0976eb0724a22, type: 3}
      propertyPath: m_LocalRotation.y
      value: -0
      objectReference: {fileID: 0}
    - target: {fileID: 8736022052560050535, guid: 2b742cea3010f98448c0976eb0724a22, type: 3}
      propertyPath: m_LocalRotation.z
      value: -0
      objectReference: {fileID: 0}
    - target: {fileID: 8736022052560050535, guid: 2b742cea3010f98448c0976eb0724a22, type: 3}
      propertyPath: m_LocalEulerAnglesHint.x
      value: 0
      objectReference: {fileID: 0}
    - target: {fileID: 8736022052560050535, guid: 2b742cea3010f98448c0976eb0724a22, type: 3}
      propertyPath: m_LocalEulerAnglesHint.y
      value: 0
      objectReference: {fileID: 0}
    - target: {fileID: 8736022052560050535, guid: 2b742cea3010f98448c0976eb0724a22, type: 3}
      propertyPath: m_LocalEulerAnglesHint.z
      value: 0
      objectReference: {fileID: 0}
    m_RemovedComponents: []
    m_RemovedGameObjects: []
    m_AddedGameObjects: []
    m_AddedComponents: []
  m_SourcePrefab: {fileID: 100100000, guid: 2b742cea3010f98448c0976eb0724a22, type: 3}
--- !u!4 &407520744349961452 stripped
Transform:
  m_CorrespondingSourceObject: {fileID: 8736022052560050535, guid: 2b742cea3010f98448c0976eb0724a22, type: 3}
  m_PrefabInstance: {fileID: 8978867246571394443}
  m_PrefabAsset: {fileID: 0}
